@book{uavBEARD,
	author 		= {Beard, Randal W. and McLain, Timothy W.},
	title 		= {Small Unmanned Aircraft: Theory and Practice},
	year 		= {2012},
	isbn 		= {0691149216, 9780691149219},
	publisher	= {Princeton University Press},
	address 	= {Princeton, NJ, USA},
}

@book{regtekBALCHEN,
	author		= {Balchen, Jens G. and Foss, Bjarne A. and Andresen, Trond},
	title		= {Reguleringsteknikk},
	year		= {2003},
	publisher	= {Institutt for teknisk kybernetikk, Norges teknisk-naturvitenskapelige universitet},
	address		= {Trondheim, Norway},
}


%% HYPERSPECTRAL IMAGING %%

@manual{hypSMITH,
	author		= {Smith, Randall B.},
	title		= {Introduction to Hyperspectral Imaging},
	year		= {2012},
	organization= {MicroImages, Inc.},
}

@article{beetleNASI,
	author		= {Näsi, R. and Honkavaara, E. and Lyytikäinen-Saarenmaa, P. and Blomqvist, M. and Litkey, P. and Hakala, T. and Viljanen, N. and Kantola, T. and Tanhuanpää, T. and Holopainen, M.},
	title		= {Using UAV-Based Photogrammetry and Hyperspectral Imaging for Mapping Bark Beetle Damage at Tree-level},
	year		= {2015},
	journal		= {Remote Sensing},
	volume		= {7},
	number		= {15467-15493},
}

@article{waterStressBerni,
	author		= {Zarco-Tejada, P. J. and González-Dugo, V. and Berni, J. A. J.},
	title		= {Fluorescence, temperature and narrow-band indices acquired from a UAV platform for water stress detection using a micro-hyperspectral imager and a thermal camera},
	year		= {2012},
	journal		= {Remote Sensing of Environment},
	volume		= {117},
	number		= {322-337},
}

@article{hymsySUOMALAINEN,
	author		= {Suomalainen, J. and Anders, N. and Iqbal, S. and Roerink, G. and Franke, J. and Wenting, P. and Hünniger, D. and Bartholomeus, H. and Becker, R. and Kooistra, L.},
	title		= {A Lightweight Hyperspectral Mapping System and Photogrammetric Processing Chain for Unmanned Aerial Vehicles},
	year		= {2014},
	journal		= {Remote Sensing},
	volume		= {6},
	number		= {11013-11030},
}